/Users/elliott/Documents/Mendeley/BibTex/library.bib